%% This BibTeX bibliography file was created using BibDesk.
%% https://bibdesk.sourceforge.io/

%% Created for Nik Sauer at 2021-02-22 11:07:59 +0100 


%% Saved with string encoding Unicode (UTF-8) 


@misc{django-security,
  title = {Security in Django},
  howpublished = {\url{https://docs.djangoproject.com/en/3.1/topics/security/}},
  note = {Accessed: 2021-02-14}
}

@techreport{michelson2006event,
	Author = {Michelson, Brenda M},
	Date-Added = {2021-02-22 11:05:07 +0100},
	Date-Modified = {2021-02-22 11:05:07 +0100},
	Institution = {Patricia Seybold Group Research Service},
	Month = {February},
	Title = {Event-Driven Architecture Overview},
	Year = {2006}}

@article{marechaux2006combining,
	Author = {Mar{\'e}chaux, Jean-Louis},
	Date-Added = {2021-02-22 11:04:04 +0100},
	Date-Modified = {2021-02-22 11:04:04 +0100},
	Journal = {IBM developer works},
	Month = {April},
	Pages = {1269--1275},
	Title = {Combining Service-Oriented Architecture and Event-Driven Architecture using an Enterprise Service Bus},
	Year = {2006}}

@inproceedings{hinze2009event,
	Address = {Nashville, TN, USA},
	Author = {Hinze, Annika and Sachs, Kai and Buchmann, Alejandro},
	Booktitle = {Proceedings of the Third ACM International Conference on Distributed Event-Based Systems},
	Date-Added = {2021-02-22 11:03:47 +0100},
	Date-Modified = {2021-02-22 11:03:47 +0100},
	Month = {July},
	Pages = {1--15},
	Title = {Event-Based Applications and Enabling Technologies},
	Year = {2009}}

@misc{pubsub-doc,
  title = {What Is Pub/Sub?},
  howpublished = {\url{https://cloud.google.com/pubsub/docs/overview}},
  note = {Accessed: 2021-02-21}
}

@misc{cloud-bigtable,
  title = {Cloud Bigtable},
  howpublished = {\url{https://cloud.google.com/bigtable/?hl=de}},
  note = {Accessed: 2021-02-21}
}

@misc{nodejs-websockets,
  title = {ws: a Node.js WebSocket library},
  howpublished = {\url{https://github.com/websockets/ws}},
  note = {Accessed: 2021-02-21}
}

@misc{javascript-websocket,
  title = {WebSocket},
  howpublished = {\url{https://developer.mozilla.org/de/docs/Web/API/WebSocket}},
  note = {Accessed: 2021-02-21}
}


@misc{memorystore-redis,
  title = {Memorystore},
  howpublished = {\url{https://cloud.google.com/memorystore?hl=de}},
  note = {Accessed: 2021-02-21}
}

@misc{nestjs-gateway,
  title = {Gateways},
  howpublished = {\url{https://docs.nestjs.com/websockets/gateways}},
  note = {Accessed: 2021-02-21}
}

@techreport{fette2011websocket,
	Author = {Fette, Ian and Melnikov, Alexey},
	Date-Added = {2021-02-22 10:53:17 +0100},
	Date-Modified = {2021-02-22 10:53:17 +0100},
	Institution = {Internet Engineering Task Force},
	Month = {December},
	Number = {6455},
	Title = {The WebSocket Protocol},
	Type = {Request for Comments},
	Year = {2011}}

@techreport{fielding2014rfc,
	Author = {Fielding, Roy and Reschke, Julian},
	Date-Added = {2021-02-22 10:52:54 +0100},
	Date-Modified = {2021-02-22 10:52:54 +0100},
	Institution = {Internet Engineering Task Force},
	Number = {7230},
	Title = {Hypertext Transfer Protocol (HTTP/1.1): Message Syntax and Routing},
	Type = {Request for Comments},
	Year = {2014}}

@mastersthesis{estep2013mobile,
	Address = {Stockholm, Sweden},
	Author = {Estep, Eliot},
	Date-Added = {2021-02-22 10:51:10 +0100},
	Date-Modified = {2021-02-22 10:51:10 +0100},
	Month = {June},
	School = {KTH Royal Institute of Technology},
	Title = {Mobile HTML5: Efficiency and Performance of WebSockets and Server-Sent Events},
	Year = {2013}}

@techreport{loreto2011known,
	Author = {Loreto, Salvatore and Saint-Andre, P and Salsano, Sd and Wilkins, G},
	Date-Added = {2021-02-22 10:49:42 +0100},
	Date-Modified = {2021-02-22 10:49:42 +0100},
	Institution = {Internet Engineering Task Force},
	Month = {April},
	Number = {6202},
	Title = {Known Issues and Best Practices for the Use of Long Polling and Streaming in Bidirectional HTTP},
	Type = {Request for Comments},
	Year = {2011}}

@misc{gupta2004event,
	Author = {Gupta, Manish and Modani, Natwar and Mittal, Parul A},
	Date-Added = {2021-02-22 10:44:38 +0100},
	Date-Modified = {2021-02-22 10:44:38 +0100},
	Month = {July},
	Note = {US Patent 6,763,384},
	Publisher = {Google Patents},
	Title = {Event-Triggered Notification over a Network},
	Year = {2004}}

@misc{fallows2016enterprise,
	Author = {Fallows, John R and Salim, Frank J and Gaunce, David B and Eraiah, Siddalingaiah},
	Date-Added = {2021-02-22 10:41:26 +0100},
	Date-Modified = {2021-02-22 10:41:26 +0100},
	Month = {October},
	Note = {US Patent 9,459,936},
	Publisher = {Google Patents},
	Title = {Enterprise Client-Server System and Methods of Providing Web Application Support through Distributed Emulation of WebSocket Communications},
	Year = {2016}}

@misc{firestore-json,
  title = {Cloud Firestore Data model},
  howpublished = {\url{https://firebase.google.com/docs/firestore/data-model}},
  note = {Accessed: 2021-02-21}
}

@misc{google-pricing,
  title = {Google Cloud Pricing Calculator},
  howpublished = {\url{https://cloud.google.com/products/calculator}},
  note = {Accessed: 2021-02-21}
}

@misc{github-actions,
  title = {Automate your workflow from idea to production},
  howpublished = {\url{https://github.com/features/actions}},
  note = {Accessed: 2021-02-21}
}